<record><leader>00000cas a2200000 a 4500</leader><controlfield tag="001">41431244</controlfield><controlfield tag="008">990525u19uuuuuunjuer ne      0    0araoc</controlfield><datafield ind1=" " ind2=" " tag="010"><subfield code="a">sn 99017134 </subfield></datafield><datafield ind1=" " ind2=" " tag="040"><subfield code="a">CLU</subfield><subfield code="b">eng</subfield><subfield code="c">CLU</subfield><subfield code="d">OCLCQ</subfield><subfield code="d">OCLCF</subfield><subfield code="d">OCLCO</subfield></datafield><datafield ind1=" " ind2=" " tag="012"><subfield code="i">9905</subfield></datafield><datafield ind1="1" ind2=" " tag="029"><subfield code="a">AU@</subfield><subfield code="b">000025931762</subfield></datafield><datafield ind1=" " ind2=" " tag="042"><subfield code="a">pcc</subfield></datafield><datafield ind1="1" ind2="4" tag="050"><subfield code="a">AP95.A6</subfield><subfield code="b">A28</subfield></datafield><datafield ind1="0" ind2="0" tag="245"><subfield code="a">A&#772;khir khabar =</subfield><subfield code="b">Akher khabar.</subfield></datafield><datafield ind1="3" ind2="1" tag="246"><subfield code="a">Akher khabar</subfield></datafield><datafield ind1=" " ind2=" " tag="260"><subfield code="a">Paterson, N.J. :</subfield><subfield code="b">Siam's Media Services</subfield></datafield><datafield ind1=" " ind2=" " tag="300"><subfield code="a">v. :</subfield><subfield code="b">ill. ;</subfield><subfield code="c">41 cm.</subfield></datafield><datafield ind1=" " ind2=" " tag="310"><subfield code="a">Biweekly</subfield></datafield><datafield ind1=" " ind2=" " tag="588"><subfield code="a">Description based on: al-Sanah 1, al-&#699;adad 10 (15-31/5/1998).</subfield></datafield><datafield ind1=" " ind2="0" tag="650"><subfield code="a">Arabs</subfield><subfield code="v">Newspapers.</subfield></datafield><datafield ind1=" " ind2="0" tag="650"><subfield code="a">Arab Americans</subfield><subfield code="v">Newspapers.</subfield></datafield><datafield ind1=" " ind2="7" tag="655"><subfield code="a">Newspapers.</subfield><subfield code="2">fast</subfield><subfield code="0">(OCoLC)fst01423814</subfield></datafield><datafield ind1=" " ind2="7" tag="650"><subfield code="a">Arab Americans.</subfield><subfield code="2">fast</subfield><subfield code="0">(OCoLC)fst00812200</subfield></datafield><datafield ind1=" " ind2="7" tag="650"><subfield code="a">Arabs.</subfield><subfield code="2">fast</subfield><subfield code="0">(OCoLC)fst00812576</subfield></datafield><datafield ind1=" " ind2=" " tag="752"><subfield code="a">United States</subfield><subfield code="b">New Jersey</subfield><subfield code="c">Passaic County</subfield><subfield code="d">Patterson.</subfield></datafield><datafield ind1=" " ind2=" " tag="850"><subfield code="a">CLU</subfield></datafield><datafield ind1=" " ind2=" " tag="936"><subfield code="a">al-Sanah 1, al-&#699;adad 18 (1-15/10/1998)</subfield></datafield></record>